@article{dijkstra1959note,
  title={A note on two problems in connexion with graphs},
  author={Dijkstra, Edsger W},
  journal={Numerische mathematik},
  volume={1},
  number={1},
  pages={269--271},
  year={1959},
  publisher={Springer}
}

@article{hart1968formal,
  title={A formal basis for the heuristic determination of minimum cost paths},
  author={Hart, Peter E and Nilsson, Nils J and Raphael, Bertram},
  journal={IEEE transactions on Systems Science and Cybernetics},
  volume={4},
  number={2},
  pages={100--107},
  year={1968},
  publisher={IEEE}
}


@article{pohl1970heuristic,
  title={Heuristic search viewed as path finding in a graph},
  author={Pohl, Ira},
  journal={Artificial Intelligence},
  volume={1},
  number={3-4},
  pages={193--204},
  year={1970},
  publisher={Elsevier}
}

@article{fox1970searching,
  title={Searching for the multiplier in one-constraint optimization problems},
  author={Fox, Bennett L and Landi, Dale Michael},
  journal={Operations Research},
  volume={18},
  number={2},
  pages={253--262},
  year={1970},
  publisher={INFORMS}
}

@inproceedings{culberson1996searching,
  title={Searching with pattern databases},
  author={Culberson, Joseph C and Schaeffer, Jonathan},
  booktitle={Conference of the Canadian Society for Computational Studies of Intelligence},
  pages={402--416},
  year={1996},
  organization={Springer}
}

@article{felner2004additive,
  title={Additive pattern database heuristics},
  author={Felner, Ariel and Korf, Richard E and Hanan, Sarit},
  journal={J. Artif. Intell. Res.(JAIR)},
  volume={22},
  pages={279--318},
  year={2004}
}

@inproceedings{haslum2007domain,
  title={Domain-independent construction of pattern database heuristics for cost-optimal planning},
  author={Haslum, Patrik and Botea, Adi and Helmert, Malte and Bonet, Blai and Koenig, Sven},
  booktitle={AAAI},
  volume={7},
  pages={1007--1012},
  year={2007}
}

@inproceedings{helmert2007flexible,
  title={Flexible Abstraction Heuristics for Optimal Sequential Planning.},
  author={Helmert, Malte and Haslum, Patrik and Hoffmann, J{\"o}rg},
  booktitle={ICAPS},
  pages={176--183},
  year={2007}
}

@article{carlyle2008lagrangian,
  title={Lagrangian relaxation and enumeration for solving constrained shortest-path problems},
  author={Carlyle, W. Matthew and Royset, Johannes O. and Wood, R Kevin},
  journal={Networks},
  volume={52},
  number={4},
  pages={256--270},
  year={2008},
  publisher={Wiley Online Library}
}

@inproceedings{thayer2008fast,
  title={Fast and loose in bounded suboptimal heuristic search},
  author={Thayer, Jordan T and Ruml, Wheeler and Bitton, Ephrat},
  booktitle={Proceedings of the First International Symposium on Search Techniques in Artificial Intelligence and Robotics (STAIR-08)},
  year={2008}
}

@inproceedings{stern2011potential,
  title={Potential Search: A Bounded-Cost Search Algorithm.},
  author={Stern, Roni Tzvi and Puzis, Rami and Felner, Ariel},
  booktitle={ICAPS},
  pages={234--241},
  year={2011}
}

@inproceedings{thayer2012faster,
  title={Faster Bounded-Cost Search Using Inadmissible Estimates.},
  author={Thayer, Jordan Tyler and Stern, Roni and Felner, Ariel and Ruml, Wheeler},
  booktitle={ICAPS},
  pages={270--278},
  year={2012}
}

@inproceedings{haslum2013heuristics,
  title={Heuristics for Bounded-Cost Search.},
  author={Haslum, Patrik},
  booktitle={ICAPS},
  pages={312--316},
  year={2013}
}